

%%% Summarization/Update Summarization papers

%%%% Statistical Analysis of Task

@inproceedings{lin2004rouge,
  keywords={summarization,analysis},
  title={Rouge: A package for automatic evaluation of summaries},
  author={Lin, Chin-Yew},
  booktitle={Text summarization branches out: Proceedings of the ACL-04 workshop},
  volume={8},
  year={2004}
}

@inproceedings{hovy2006automated,
  keywords={summarization,analysis},
  title={Automated summarization evaluation with basic elements},
  author={Hovy, Eduard and Lin, Chin-Yew and Zhou, Liang and Fukumoto, Junichi},
  booktitle={Proceedings of the Fifth Conference on Language Resources and Evaluation (LREC 2006)},
  pages={604--611},
  year={2006},
  organization={Citeseer}
}


@article{nenkova2007pyramid,
  keywords={summarization,analysis},
  title={The pyramid method: Incorporating human content selection variation in summarization evaluation},
  author={Nenkova, Ani and Passonneau, Rebecca and McKeown, Kathleen},
  journal={ACM Transactions on Speech and Language Processing (TSLP)},
  volume={4},
  number={2},
  pages={4},
  year={2007},
  publisher={ACM}
}

@inproceedings{teufel2004evaluating,
  keywords={summarization,analysis},
  title={Evaluating Information Content by Factoid Analysis: Human annotation and stability.},
  author={Teufel, Simone and Van Halteren, Hans},
  booktitle={EMNLP},
  pages={419--426},
  year={2004}
}

@inproceedings{nenkova2005automatic,
  keywords={summarization,analysis},
  title={Automatic text summarization of newswire: Lessons learned from the document understanding conference},
  author={Nenkova, Ani},
  booktitle={AAAI},
  volume={5},
  pages={1436--1441},
  year={2005}
}



@inproceedings{owczarzak2009evaluation,
  keywords={summarization,analysis},
  title={Evaluation of automatic summaries: Metrics under varying data conditions},
  author={Owczarzak, Karolina and Dang, Hoa Trang},
  booktitle={Proceedings of the 2009 Workshop on Language Generation and Summarisation},
  pages={23--30},
  year={2009},
  organization={Association for Computational Linguistics}
}

@inproceedings{louis2009automatically,
  keywords={summarization,analysis},
  title={Automatically evaluating content selection in summarization without human models},
  author={Louis, Annie and Nenkova, Ani},
  booktitle={Proceedings of the 2009 Conference on Empirical Methods in Natural Language Processing: Volume 1-Volume 1},
  pages={306--314},
  year={2009},
  organization={Association for Computational Linguistics}
}


@article{conroy2011nouveau,
  keywords={summarization,analysis},
  title={Nouveau-ROUGE: A novelty metric for update summarization},
  author={Conroy, John M and Schlesinger, Judith D and O'Leary, Dianne P},
  journal={Computational Linguistics},
  volume={37},
  number={1},
  pages={1--8},
  year={2011},
  publisher={MIT Press}
}

### Summarization Systems

@article{nenkova2005impact,
  title={The impact of frequency on summarization},
  author={Nenkova, Ani and Vanderwende, Lucy},
  journal={Microsoft Research, Redmond, Washington, Tech. Rep. MSR-TR-2005-101},
  year={2005}
}

@inproceedings{lin2000automated,
  title={The automated acquisition of topic signatures for text summarization},
  author={Lin, Chin-Yew and Hovy, Eduard},
  booktitle={Proceedings of the 18th conference on Computational linguistics-Volume 1},
  pages={495--501},
  year={2000},
  organization={Association for Computational Linguistics}
}


@article{erkan2004lexrank,
  keywords={summarization,system},
  title={LexRank: Graph-based lexical centrality as salience in text summarization},
  author={Erkan, G{\"u}nes and Radev, Dragomir R},
  journal={Journal of Artificial Intelligence Research},
  pages={457--479},
  year={2004}
}


@inproceedings{conroy2005classy,
  keywords={summarization,system},
  title={CLASSY query-based multi-document summarization},
  author={Conroy, John M and Schlesinger, Judith D and Stewart, Jade Goldstein},
  booktitle={Proceedings of the 2005 Document Understanding Workshop, Boston},
  year={2005},
  organization={Citeseer}
}


@incollection{guo2013updating,
  keywords={summarization,system,update},
  title={Updating users about time critical events},
  author={Guo, Qi and Diaz, Fernando and Yom-Tov, Elad},
  booktitle={Advances in Information Retrieval},
  pages={483--494},
  year={2013},
  publisher={Springer Berlin Heidelberg}
}

@inproceedings{mccreadie2014incremental,
  keywords={summarization,system,update},
  title={Incremental update summarization: Adaptive sentence selection based on prevalence and novelty},
  author={McCreadie, Richard and Macdonald, Craig and Ounis, Iadh},
  booktitle={Proceedings of the 23rd ACM International Conference on Conference on Information and Knowledge Management},
  pages={301--310},
  year={2014},
  organization={ACM}
}


@inproceedings{maskey2005comparing,
  keywords={summarization,system,speech},
      title={Comparing lexical, acoustic/prosodic, structural and discourse features for speech summarization.},
        author={Maskey, Sameer and Hirschberg, Julia},
          booktitle={INTERSPEECH},
            pages={621--624},
              year={2005}
}


@inproceedings{titov2008joint,
  keywords={summarization,system,opinion},
  title={A Joint Model of Text and Aspect Ratings for Sentiment Summarization.},
  author={Titov, Ivan and McDonald, Ryan T},
  year={2008},
  organization={Citeseer}
}


@inproceedings{liu2011sxsw,
  keywords={summarization,system,twitter},
  title={Why is sxsw trending?: exploring multiple text sources for twitter topic summarization},
  author={Liu, Fei and Liu, Yang and Weng, Fuliang},
  booktitle={Proceedings of the Workshop on Languages in Social Media},
  pages={66--75},
  year={2011},
  organization={Association for Computational Linguistics}
}


@inproceedings{gillick2009global,
  keywords={summarization,system,meeting},
  title={A global optimization framework for meeting summarization},
  author={Gillick, Dan and Riedhammer, Korbinian and Favre, Benoit and Hakkani-T{\"u}r, Dilek},
  booktitle={Acoustics, Speech and Signal Processing, 2009. ICASSP 2009. IEEE International Conference on},
  pages={4769--4772},
  year={2009},
  organization={IEEE}
}



@inproceedings{wang2013sentence,
  keywords={summarization,system,abstractive,compression},
  title={A Sentence Compression Based Framework to Query-Focused Multi-Document Summarization.},
  author={Wang, Lu and Raghavan, Hema and Castelli, Vittorio and Florian, Radu and Cardie, Claire},
  booktitle={ACL (1)},
  pages={1384--1394},
  year={2013}
}


@inproceedings{martins2009summarization,
  keywords={summarization,system,abstractive,compression},
  title={Summarization with a joint model for sentence extraction and compression},
  author={Martins, Andr{\'e} FT and Smith, Noah A},
  booktitle={Proceedings of the Workshop on Integer Linear Programming for Natural Langauge Processing},
  pages={1--9},
  year={2009},
  organization={Association for Computational Linguistics}
}

@inproceedings{zajic2006sentence,
  keywords={summarization,system,abstractive,compression},
  title={Sentence compression as a component of a multi-document summarization system},
  author={Zajic, David M and Dorr, Bonnie and Lin, Jimmy and Schwartz, Richard},
  booktitle={Proceedings of the 2006 Document Understanding Workshop, New York},
  year={2006}
}

@article{liu2015toward,
  keywords={summarization,system,abstractive,semantics},
  title={Toward abstractive summarization using semantic representations},
  author={Liu, Fei and Flanigan, Jeffrey and Thomson, Sam and Sadeh, Norman and Smith, Noah A},
  year={2015}
}


@inproceedings{berg2011jointly,
  keywords={summarization,system,abstractive,compression},
  title={Jointly learning to extract and compress},
  author={Berg-Kirkpatrick, Taylor and Gillick, Dan and Klein, Dan},
  booktitle={Proceedings of the 49th Annual Meeting of the Association for Computational Linguistics: Human Language Technologies-Volume 1},
  pages={481--490},
  year={2011},
  organization={Association for Computational Linguistics}
}


@article{barzilay2005sentence,
  keywords={summarization,system,abstractive,compression},
  title={Sentence fusion for multidocument news summarization},
  author={Barzilay, Regina and McKeown, Kathleen R},
  journal={Computational Linguistics},
  volume={31},
  number={3},
  pages={297--328},
  year={2005},
  publisher={MIT Press}
}

@inproceedings{woodsend2010generation,
  keywords={summarization,system,abstractive,generation,syntax},
  title={Generation with quasi-synchronous grammar},
  author={Woodsend, Kristian and Feng, Yansong and Lapata, Mirella},
  booktitle={Proceedings of the 2010 Conference on Empirical Methods in Natural Language Processing},
  pages={513--523},
  year={2010},
  organization={Association for Computational Linguistics}
}
@inproceedings{barzilay2006aggregation,
  keywords={summarization,system,abstractive,generation,aggregation},
      title={Aggregation via set partitioning for natural language generation},
        author={Barzilay, Regina and Lapata, Mirella},
          booktitle={Proceedings of the main conference on Human Language Technology Conference of the North American Chapter of the Association of Computational Linguistics},
            pages={359--366},
              year={2006},
                organization={Association for Computational Linguistics}
}


@article{rush2015neural,
  keywords={summarization,system,abstractive,generation,neural},
  title={A neural attention model for abstractive sentence summarization},
  author={Rush, Alexander M and Chopra, Sumit and Weston, Jason},
  journal={arXiv preprint arXiv:1509.00685},
  year={2015}
}

@inproceedings{filippova2008sentence,
  keywords={summarization,system,abstractive,fusion},
  title={Sentence fusion via dependency graph compression},
  author={Filippova, Katja and Strube, Michael},
  booktitle={Proceedings of the Conference on Empirical Methods in Natural Language Processing},
  pages={177--185},
  year={2008},
  organization={Association for Computational Linguistics}
}


@inproceedings{pighin2014modelling,
  keywords={summarization,system,abstractive,generation},
  title={Modelling Events through Memory-based, Open-IE Patterns for Abstractive Summarization.},
  author={Pighin, Daniele and Cornolti, Marco and Alfonseca, Enrique and Filippova, Katja},
  booktitle={ACL},
  pages={892--901},
  year={2014}
}


