

%%% Summarization/Update Summarization papers

%%%% Statistical Analysis of Task

@inproceedings{lin2004rouge,
  keywords={summarization,analysis},
  title={Rouge: A package for automatic evaluation of summaries},
  author={Lin, Chin-Yew},
  booktitle={Text summarization branches out: Proceedings of the ACL-04 workshop},
  volume={8},
  year={2004},
  note={\url{http://www.aclweb.org/anthology/W04-1013}}
}

@inproceedings{teufel2004evaluating,
  keywords={summarization,analysis},
  title={Evaluating Information Content by Factoid Analysis: Human annotation and stability.},
  author={Teufel, Simone and Van Halteren, Hans},
  booktitle={EMNLP},
  pages={419--426},
  year={2004},
  note={\url{http://www.aclweb.org/anthology/W04-3254}}
}

@inproceedings{nenkova2005automatic,
  keywords={summarization,analysis},
  title={Automatic text summarization of newswire: Lessons learned from the document understanding conference},
  author={Nenkova, Ani},
  booktitle={AAAI},
  volume={5},
  pages={1436--1441},
  year={2005},
  note={\url{http://www.aaai.org/Papers/AAAI/2005/AAAI05-228.pdf}}
}

@article{nenkova2007pyramid,
  keywords={summarization,analysis},
  title={The pyramid method: Incorporating human content selection variation in summarization evaluation},
  author={Nenkova, Ani and Passonneau, Rebecca and McKeown, Kathleen},
  journal={ACM Transactions on Speech and Language Processing (TSLP)},
  volume={4},
  number={2},
  pages={4},
  year={2007},
  publisher={ACM},
  note={\url{http://dl.acm.org/citation.cfm?id=1233913}}
}

%@inproceedings{hovy2006automated,
%  keywords={summarization,analysis},
%  title={Automated summarization evaluation with basic elements},
%  author={Hovy, Eduard and Lin, Chin-Yew and Zhou, Liang and Fukumoto, Junichi},
%  booktitle={Proceedings of the Fifth Conference on Language Resources and Evaluation (LREC 2006)},
%  pages={604--611},
%  year={2006},
%  organization={Citeseer}
%}





%@phdthesis{nenkova2006understanding,
%  keywords={summarization,analysis},
%  title={Understanding the process of multi-document summarization: content selection, rewriting and evaluation},
%  author={Nenkova, Ani},
%  year={2006},
%  school={Columbia University}
%}

%@article{nenkova2008can,
%  keywords={summarization,analysis},
%  title={Can you summarize this? Identifying correlates of input difficulty for generic multi-document summarization},
%  author={Nenkova, Ani and Louis, Annie},
%  year={2008}
%}




%@inproceedings{owczarzak2009evaluation,
%  keywords={summarization,analysis},
%  title={Evaluation of automatic summaries: Metrics under varying data conditions},
%  author={Owczarzak, Karolina and Dang, Hoa Trang},
%  booktitle={Proceedings of the 2009 Workshop on Language Generation and Summarisation},
%  pages={23--30},
%  year={2009},
%  organization={Association for Computational Linguistics}
%}

%@inproceedings{harman2004effects,
%  keywords={summarization,analysis},
%  title={The effects of human variation in DUC summarization evaluation},
%  author={Harman, Donna and Over, Paul},
%  booktitle={Proceedings of the ACL-04 Workshop: Text Summarization Branches Out},
%  pages={10--17},
%  year={2004}
%}

@inproceedings{louis2009automatically,
  keywords={summarization,analysis},
  title={Automatically evaluating content selection in summarization without human models},
  author={Louis, Annie and Nenkova, Ani},
  booktitle={Proceedings of the 2009 Conference on Empirical Methods in Natural Language Processing: Volume 1-Volume 1},
  pages={306--314},
  year={2009},
  organization={Association for Computational Linguistics},
  note={\url{http://dl.acm.org/citation.cfm?id=1699550}}
}

@inproceedings{hennig2010learning,
  keywords={summarization,analysis},
  title={Learning summary content units with topic modeling},
  author={Hennig, Leonhard and De Luca, Ernesto William and Albayrak, Sahin},
  booktitle={Proceedings of the 23rd International Conference on Computational Linguistics: Posters},
  pages={391--399},
  year={2010},
  organization={Association for Computational Linguistics},
    note={\url{http://dl.acm.org/citation.cfm?id=1944611}}
}

@article{yang2016peak,
  keywords={summarization,analysis},
  title={PEAK: Pyramid Evaluation via Automated Knowledge Extraction},
  author={Yang, Qian and Passonneau, Rebecca J and de Melo, Gerard},
  year={2016},
note={\url{http://www1.ccls.columbia.edu/~beck/pubs/peak-aaai16.pdf}}
}




%@inproceedings{saggion2010multilingual,
%  keywords={summarization,analysis},
%  title={Multilingual summarization evaluation without human models},
%  author={Saggion, Horacio and Torres-Moreno, Juan-Manuel and Cunha, Iria da and SanJuan, Eric},
%  booktitle={Proceedings of the 23rd International Conference on Computational Linguistics: Posters},
%  pages={1059--1067},
%  year={2010},
%  organization={Association for Computational Linguistics}
%}

%@inproceedings{jing1998summarization,
%  keywords={summarization,analysis},
%  title={Summarization evaluation methods: Experiments and analysis},
%  author={Jing, Hongyan and Barzilay, Regina and McKeown, Kathleen and Elhadad, Michael},
%  booktitle={AAAI symposium on intelligent summarization},
%  pages={51--59},
%  year={1998}
%}




%@inproceedings{lin2002manual,
%  keywords={summarization,analysis},
%  title={Manual and automatic evaluation of summaries},
%  author={Lin, Chin-Yew and Hovy, Eduard},
%  booktitle={Proceedings of the ACL-02 Workshop on Automatic Summarization-Volume 4},
%  pages={45--51},
%  year={2002},
%  organization={Association for Computational Linguistics}
%}

%@inproceedings{dang2008overview,
%  keywords={summarization,analysis},
%  title={Overview of the TAC 2008 update summarization task},
%  author={Dang, Hoa Trang and Owczarzak, Karolina},
%  booktitle={Proceedings of text analysis conference},
%  pages={1--16},
%  year={2008}
%}

@article{conroy2011nouveau,
  keywords={summarization,analysis},
  title={Nouveau-ROUGE: A novelty metric for update summarization},
  author={Conroy, John M and Schlesinger, Judith D and O'Leary, Dianne P},
  journal={Computational Linguistics},
  volume={37},
  number={1},
  pages={1--8},
  year={2011},
  publisher={MIT Press},
  note={\url{http://www.aclweb.org/anthology/W04-1013}}
}

### Summarization Systems

%?@inproceedings{nenkova2006compositional,
%?  keywords={summarization,system},
%?  title={A compositional context sensitive multi-document summarizer: exploring the factors that influence summarization},
%?  author={Nenkova, Ani and Vanderwende, Lucy and McKeown, Kathleen},
%?  booktitle={Proceedings of the 29th annual international ACM SIGIR conference on Research and development in information retrieval},
%?  pages={573--580},
%?  year={2006},
%?  organization={ACM}
%?}

%@article{nenkova2005impact,
%  keywords={summarization,system},
%  title={The impact of frequency on summarization},
%  author={Nenkova, Ani and Vanderwende, Lucy},
%  journal={Microsoft Research, Redmond, Washington, Tech. Rep. MSR-TR-2005-101},
%  year={2005}
%}

@inproceedings{lin2000automated,
  keywords={summarization,system},
  title={The automated acquisition of topic signatures for text summarization},
  author={Lin, Chin-Yew and Hovy, Eduard},
  booktitle={Proceedings of the 18th conference on Computational linguistics-Volume 1},
  pages={495--501},
  year={2000},
  organization={Association for Computational Linguistics},
  note={\url{http://dl.acm.org/citation.cfm?id=990892}}
}

%@inproceedings{hovy2006automated,
%  keywords={summarization,system},
%  title={Automated summarization evaluation with basic elements},
%  author={Hovy, Eduard and Lin, Chin-Yew and Zhou, Liang and Fukumoto, Junichi},
%  booktitle={Proceedings of the Fifth Conference on Language Resources and Evaluation (LREC 2006)},
%  pages={604--611},
%  year={2006},
%  organization={Citeseer}
%}

@article{erkan2004lexrank,
  keywords={summarization,system},
  title={LexRank: Graph-based lexical centrality as salience in text summarization},
  author={Erkan, G{\"u}nes and Radev, Dragomir R},
  journal={Journal of Artificial Intelligence Research},
  pages={457--479},
  year={2004},
  note={\url{http://www.jair.org/media/1523/live-1523-2354-jair.pdf}}
}

%@article{radev2004centroid,
%  keywords={summarization,system},
%  title={Centroid-based summarization of multiple documents},
%  author={Radev, Dragomir R and Jing, Hongyan and Sty{\'s}, Ma{\l}gorzata and Tam, Daniel},
%  journal={Information Processing \& Management},
%  volume={40},
%  number={6},
%  pages={919--938},
%  year={2004},
%  publisher={Elsevier}
%}

@inproceedings{conroy2005classy,
  keywords={summarization,system},
  title={CLASSY query-based multi-document summarization},
  author={Conroy, John M and Schlesinger, Judith D and Stewart, Jade Goldstein},
  booktitle={Proceedings of the 2005 Document Understanding Workshop, Boston},
  year={2005},
  organization={Citeseer},
  note={\url{http://duc.nist.gov/pubs/2005papers/ida.conroy.pdf}}
}

%@inproceedings{conroy2006topic,
%  keywords={summarization,system},
%  title={Topic-focused multi-document summarization using an approximate oracle score},
%  author={Conroy, John M and Schlesinger, Judith D and O'Leary, Dianne P},
%  booktitle={Proceedings of the COLING/ACL on Main conference poster sessions},
%  pages={152--159},
%  year={2006},
%  organization={Association for Computational Linguistics}
%}

@inproceedings{lin2011class,
  keywords={summarization,system},
  title={A class of submodular functions for document summarization},
  author={Lin, Hui and Bilmes, Jeff},
  booktitle={Proceedings of the 49th Annual Meeting of the Association for Computational Linguistics: Human Language Technologies-Volume 1},
  pages={510--520},
  year={2011},
  organization={Association for Computational Linguistics},
note={\url{http://dl.acm.org/citation.cfm?id=2002537}}
}

@incollection{guo2013updating,
  keywords={summarization,system,update},
  title={Updating users about time critical events},
  author={Guo, Qi and Diaz, Fernando and Yom-Tov, Elad},
  booktitle={Advances in Information Retrieval},
  pages={483--494},
  year={2013},
  publisher={Springer Berlin Heidelberg},
  note={\url{http://dl.acm.org/citation.cfm?id=2458233}}
}

@inproceedings{mccreadie2014incremental,
  keywords={summarization,system,update},
  title={Incremental update summarization: Adaptive sentence selection based on prevalence and novelty},
  author={McCreadie, Richard and Macdonald, Craig and Ounis, Iadh},
  booktitle={Proceedings of the 23rd ACM International Conference on Conference on Information and Knowledge Management},
  pages={301--310},
  year={2014},
  organization={ACM},
  note={\url{http://dl.acm.org/citation.cfm?id=2661951}}
}

%@inproceedings{katragadda2009sentence,
%  keywords={summarization,system,update},
%  title={Sentence position revisited: a robust light-weight update summarization'baseline'algorithm},
%  author={Katragadda, Rahul and Pingali, Prasad and Varma, Vasudeva},
%  booktitle={Proceedings of the Third International Workshop on Cross Lingual Information Access: Addressing the Information Need of Multilingual Societies},
%  pages={46--52},
%  year={2009},
%  organization={Association for Computational Linguistics}
%}
%@inproceedings{schilder2008thomson,
%  keywords={summarization,system,update},
%  title={Thomson reuters at tac 2008: Aggressive filtering with fastsum for update and opinion summarization},
%  author={Schilder, Frank and Kondadadi, Ravikumar and Leidner, Jochen L and Conrad, Jack G},
%  booktitle={Proceedings of the first Text Analysis Conference, TAC-2008},
%  year={2008}
%}

@inproceedings{maskey2005comparing,
  keywords={summarization,system,speech},
      title={Comparing lexical, acoustic/prosodic, structural and discourse features for speech summarization.},
        author={Maskey, Sameer and Hirschberg, Julia},
          booktitle={INTERSPEECH},
            pages={621--624},
              year={2005},
  note={\url{http://virtualhost.cs.columbia.edu/~julia/files/eurospeech05_vfinal.pdf}}
}


@inproceedings{titov2008joint,
  keywords={summarization,system,opinion},
  title={A Joint Model of Text and Aspect Ratings for Sentiment Summarization.},
  author={Titov, Ivan and McDonald, Ryan T},
  year={2008},
  organization={Citeseer},
  note={\url{http://www.anthology.aclweb.org/P/P08/P08-1036.pdf}}
}


@inproceedings{liu2011sxsw,
  keywords={summarization,system,twitter},
  title={Why is sxsw trending?: exploring multiple text sources for twitter topic summarization},
  author={Liu, Fei and Liu, Yang and Weng, Fuliang},
  booktitle={Proceedings of the Workshop on Languages in Social Media},
  pages={66--75},
  year={2011},
  organization={Association for Computational Linguistics},
  note={\url{http://dl.acm.org/citation.cfm?id=2021118}}
}


@inproceedings{gillick2009global,
  keywords={summarization,system,meeting},
  title={A global optimization framework for meeting summarization},
  author={Gillick, Dan and Riedhammer, Korbinian and Favre, Benoit and Hakkani-T{\"u}r, Dilek},
  booktitle={Acoustics, Speech and Signal Processing, 2009. ICASSP 2009. IEEE International Conference on},
  pages={4769--4772},
  year={2009},
  organization={IEEE},
  note={\url{http://ieeexplore.ieee.org/xpls/abs_all.jsp?arnumber=4960697}}
}


%@inproceedings{yan2011timeline,
%  keywords={summarization,system,timeline},
%  title={Timeline generation through evolutionary trans-temporal summarization},
%  author={Yan, Rui and Kong, Liang and Huang, Congrui and Wan, Xiaojun and Li, Xiaoming and Zhang, Yan},
%  booktitle={Proceedings of the Conference on Empirical Methods in Natural Language Processing},
%  pages={433--443},
%  year={2011},
%  organization={Association for Computational Linguistics}
%}


@inproceedings{wang2013sentence,
  keywords={summarization,system,abstractive,compression},
  title={A Sentence Compression Based Framework to Query-Focused Multi-Document Summarization.},
  author={Wang, Lu and Raghavan, Hema and Castelli, Vittorio and Florian, Radu and Cardie, Claire},
  booktitle={ACL (1)},
  pages={1384--1394},
  year={2013},
  note={\url{http://www.aclweb.org/anthology/P13-1136}}
}


@inproceedings{martins2009summarization,
  keywords={summarization,system,abstractive,compression},
  title={Summarization with a joint model for sentence extraction and compression},
  author={Martins, Andr{\'e} FT and Smith, Noah A},
  booktitle={Proceedings of the Workshop on Integer Linear Programming for Natural Langauge Processing},
  pages={1--9},
  year={2009},
  organization={Association for Computational Linguistics},
  note={\url{http://dl.acm.org/citation.cfm?id=1611639}}
}

@inproceedings{zajic2006sentence,
  keywords={summarization,system,abstractive,compression},
  title={Sentence compression as a component of a multi-document summarization system},
  author={Zajic, David M and Dorr, Bonnie and Lin, Jimmy and Schwartz, Richard},
  booktitle={Proceedings of the 2006 Document Understanding Workshop, New York},
  year={2006},
  note={\url{http://duc.nist.gov/pubs/2006papers/DUC2006-BBN.pdf}}
}

@article{liu2015toward,
  keywords={summarization,system,abstractive,semantics},
  title={Toward abstractive summarization using semantic representations},
  author={Liu, Fei and Flanigan, Jeffrey and Thomson, Sam and Sadeh, Norman and Smith, Noah A},
  year={2015},
  note={\url{http://www.aclweb.org/anthology/N15-1114}}
}

%@inproceedings{li2013document,
%  keywords={summarization,system,abstractive,compression},
%  title={Document Summarization via Guided Sentence Compression.},
%  author={Li, Chen and Liu, Fei and Weng, Fuliang and Liu, Yang},
%  booktitle={EMNLP},
%  pages={490--500},
%  year={2013}
%}

%@inproceedings{li2014improving,
%  keywords={summarization,system,abstractive,compression},
%  title={Improving multi-documents summarization by sentence compression based on expanded constituent parse trees},
%  author={Li, Chen and Liu, Yang and Liu, Fei and Zhao, Lin and Weng, Fuliang},
%  booktitle={Proceedings of EMNLP},
%  year={2014}
%}

%@inproceedings{lin2003improving,
%  keywords={summarization,system,abstractive,compression},
%  title={Improving summarization performance by sentence compression: a pilot study},
%  author={Lin, Chin-Yew},
%  booktitle={Proceedings of the sixth international workshop on Information retrieval with Asian languages-Volume 11},
%  pages={1--8},
%  year={2003},
%  organization={Association for Computational Linguistics}
%}

@inproceedings{berg2011jointly,
  keywords={summarization,system,abstractive,compression},
  title={Jointly learning to extract and compress},
  author={Berg-Kirkpatrick, Taylor and Gillick, Dan and Klein, Dan},
  booktitle={Proceedings of the 49th Annual Meeting of the Association for Computational Linguistics: Human Language Technologies-Volume 1},
  pages={481--490},
  year={2011},
  organization={Association for Computational Linguistics},
  note={\url{http://www.aclweb.org/website/old_anthology/P/P11/P11-1049.pdf}}
}

%@inproceedings{hovy2005based,
%  keywords={summarization,system,abstractive,compression},
%  title={A BE-based multi-document summarizer with sentence compression},
%  author={Hovy, Eduard and Lin, Chin-Yew and Zhou, Liang},
%  booktitle={Proceedings of Multilingual Summarization Evaluation},
%  pages={15},
%  year={2005}
%}

@article{barzilay2005sentence,
  keywords={summarization,system,abstractive,compression},
  title={Sentence fusion for multidocument news summarization},
  author={Barzilay, Regina and McKeown, Kathleen R},
  journal={Computational Linguistics},
  volume={31},
  number={3},
  pages={297--328},
  year={2005},
  publisher={MIT Press},
  note={\url{http://www.mitpressjournals.org/doi/pdfplus/10.1162/089120105774321091}}
}

@inproceedings{woodsend2010generation,
  keywords={summarization,system,abstractive,generation,syntax},
  title={Generation with quasi-synchronous grammar},
  author={Woodsend, Kristian and Feng, Yansong and Lapata, Mirella},
  booktitle={Proceedings of the 2010 Conference on Empirical Methods in Natural Language Processing},
  pages={513--523},
  year={2010},
  organization={Association for Computational Linguistics},
  note={\url{http://www.anthology.aclweb.org/D/D10/D10-1050.pdf}}
}
%@inproceedings{barzilay2006aggregation,
%  keywords={summarization,system,abstractive,generation,aggregation},
%      title={Aggregation via set partitioning for natural language generation},
%        author={Barzilay, Regina and Lapata, Mirella},
%          booktitle={Proceedings of the main conference on Human Language Technology Conference of the North American Chapter of the Association of Computational Linguistics},
%            pages={359--366},
%              year={2006},
%                organization={Association for Computational Linguistics}
%}


@article{rush2015neural,
  keywords={summarization,system,abstractive,generation,neural},
  title={A neural attention model for abstractive sentence summarization},
  author={Rush, Alexander M and Chopra, Sumit and Weston, Jason},
  journal={arXiv preprint arXiv:1509.00685},
  year={2015},
  note={\url{http://www.aclweb.org/anthology/D15-1044}}
}

@inproceedings{filippova2008sentence,
  keywords={summarization,system,abstractive,fusion},
  title={Sentence fusion via dependency graph compression},
  author={Filippova, Katja and Strube, Michael},
  booktitle={Proceedings of the Conference on Empirical Methods in Natural Language Processing},
  pages={177--185},
  year={2008},
  organization={Association for Computational Linguistics},
  note={\url{http://www.anthology.aclweb.org/D/D08/D08-1019.pdf}}
}


@inproceedings{pighin2014modelling,
  keywords={summarization,system,abstractive,generation},
  title={Modelling Events through Memory-based, Open-IE Patterns for Abstractive Summarization.},
  author={Pighin, Daniele and Cornolti, Marco and Alfonseca, Enrique and Filippova, Katja},
  booktitle={ACL},
  pages={892--901},
  year={2014},
  note={\url{http://www.aclweb.org/anthology/P/P14/P14-1084.pdf}}
}


%@article{mou2015backbone,
%  keywords={summarization,system,abstractive,generation,neural},
%  title={Backbone Language Modeling for Constrained Natural Language Generation},
%  author={Mou, Lili and Yan, Rui and Li, Ge and Zhang, Lu and Jin, Zhi},
%  journal={arXiv preprint arXiv:1512.06612},
%  year={2015}
%}
%
%@article{liabstractive,
%  keywords={summarization,system,abstractive,generation,semantics},
%  title={Abstractive Multi-document Summarization with Semantic Information Extraction},
%  author={Li, Wei}
%}
